<?xml version="1.0" encoding="UTF-8"?><collection xmlns="http://www.loc.gov/MARC21/slim"><record><leader>00438nam--2200169-i-4500</leader><controlfield tag="001">000024421</controlfield><controlfield tag="002">20161230</controlfield><controlfield tag="005">20170102172848</controlfield><controlfield tag="008">060222s1000------------r-----000-0-eng-d</controlfield><datafield ind1=" " ind2=" " tag="080"><subfield code="a">543.08</subfield></datafield><datafield ind1=" " ind2=" " tag="100"><subfield code="a">Ewing, Galen W</subfield></datafield><datafield ind1=" " ind2=" " tag="245"><subfield code="a">Instrumental methods of chemical analysis</subfield></datafield><datafield ind1=" " ind2=" " tag="250"><subfield code="a">second ed</subfield></datafield><datafield ind1=" " ind2=" " tag="260"><subfield code="a">New York</subfield><subfield code="b">McGraw-Hill Book Company, Inc</subfield><subfield code="c">1960</subfield></datafield><datafield ind1=" " ind2=" " tag="300"><subfield code="a">VIII + 454 p</subfield></datafield><datafield ind1=" " ind2=" " tag="852"><subfield code="a">77516</subfield></datafield><datafield ind1=" " ind2=" " tag="CAT"><subfield code="a">SYS</subfield><subfield code="c">20170102</subfield><subfield code="h">172848</subfield></datafield></record></collection>